<record><leader>00000cas a22000007a 4500</leader><controlfield tag="001">13098686</controlfield><controlfield tag="008">860203d19121950wiuwr ne      0    0eng d</controlfield><datafield ind1=" " ind2=" " tag="010"><subfield code="a">sn 86086304 </subfield></datafield><datafield ind1=" " ind2=" " tag="040"><subfield code="a">NPV</subfield><subfield code="b">eng</subfield><subfield code="c">NPV</subfield><subfield code="d">OCLCQ</subfield></datafield><datafield ind1=" " ind2=" " tag="042"><subfield code="a">msc</subfield></datafield><datafield ind1=" " ind2=" " tag="045"><subfield code="a">x1x5</subfield></datafield><datafield ind1=" " ind2=" " tag="052"><subfield code="a">4123</subfield><subfield code="b">M6</subfield></datafield><datafield ind1="0" ind2=" " tag="130"><subfield code="a">Journal (South Milwaukee, Wis.)</subfield></datafield><datafield ind1="1" ind2="4" tag="245"><subfield code="a">The journal.</subfield></datafield><datafield ind1="1" ind2="7" tag="246"><subfield code="a">South Milwaukee journal</subfield></datafield><datafield ind1=" " ind2=" " tag="260"><subfield code="a">South Milwaukee, Wis. :</subfield><subfield code="b">F.L. Hook,</subfield><subfield code="c">1912-1950.</subfield></datafield><datafield ind1=" " ind2=" " tag="300"><subfield code="a">29 v. :</subfield><subfield code="b">ill.</subfield></datafield><datafield ind1=" " ind2=" " tag="310"><subfield code="a">Weekly</subfield></datafield><datafield ind1="0" ind2=" " tag="362"><subfield code="a">Vol. 30, no. 1 (Jan. 6, 1912)-fifty-eighth year, no. 48 (Dec. 1, 1950).</subfield></datafield><datafield ind1=" " ind2=" " tag="500"><subfield code="a">Publisher varies.</subfield></datafield><datafield ind1=" " ind2=" " tag="500"><subfield code="a">"Devoted to South Milwaukee and Oak Creek."</subfield></datafield><datafield ind1=" " ind2=" " tag="500"><subfield code="a">Editors: F.L. Hook, Feb. 8, 1924-Sept. 14, 1928; H. Williams, May 4-Dec. 1, 1950.</subfield></datafield><datafield ind1=" " ind2=" " tag="530"><subfield code="a">Available on microfilm from The State Historical Society of Wisconsin.</subfield></datafield><datafield ind1=" " ind2=" " tag="580"><subfield code="a">Merged with: Reminder-press, and Regional press (Town of Lake, Wis.) to form: Reminder-journal press (South Milwaukee, Wis.).</subfield></datafield><datafield ind1=" " ind2=" " tag="752"><subfield code="a">United States</subfield><subfield code="b">Wisconsin</subfield><subfield code="c">Milwaukee</subfield><subfield code="d">South Milwaukee.</subfield></datafield><datafield ind1=" " ind2=" " tag="752"><subfield code="a">United States</subfield><subfield code="b">Wisconsin</subfield><subfield code="c">Milwaukee</subfield><subfield code="d">Oak Creek.</subfield></datafield><datafield ind1="0" ind2="0" tag="780"><subfield code="t">South Milwaukee journal</subfield><subfield code="w">(DLC)sn 86086303</subfield></datafield><datafield ind1="0" ind2="0" tag="785"><subfield code="t">Reminder-journal press (South Milwauke, Wis.)</subfield><subfield code="w">(DLC)sn 86086305</subfield></datafield><datafield ind1="1" ind2=" " tag="787"><subfield code="t">Reminder-press</subfield><subfield code="w">(DLC)sn 86086060</subfield></datafield><datafield ind1="1" ind2=" " tag="787"><subfield code="t">Regional press (Town of Lake, Wis.)</subfield></datafield><datafield ind1="1" ind2=" " tag="029"><subfield code="a">AU@</subfield><subfield code="b">000025826541</subfield></datafield></record>